@inbook{tfg,
	author = {Condés, Ignacio and Cañas, José},
	year = {2019},
	month = {01},
	pages = {147-161},
	title = {{Person Following Robot Behavior Using Deep Learning: Proceedings of the 19th International Workshop of Physical Agents (WAF 2018), November 22-23, 2018, Madrid, Spain}},
	isbn = {978-3-319-99884-8},
	doi = {10.1007/978-3-319-99885-5_11}
}

@misc{cv_forecast,
	title = {{Computer Vision Market to Reach \$48.6 Billion by 2022}},
	howpublished = {\url{https://bitrefine.group/11-blog/120-establishing-your-brand-on-college-campuses}},
	note = {Accessed: 2020-06-07}
}

@inproceedings{violajones,
	author = {Viola, Paul and Jones, Michael},
	year = {2001},
	month = {02},
	pages = {I-511},
	title = {Rapid Object Detection using a Boosted Cascade of Simple Features},
	volume = {1},
	isbn = {0-7695-1272-0},
	journal = {IEEE Conf Comput Vis Pattern Recognit},
	doi = {10.1109/CVPR.2001.990517}
}

@unpublished{diapos_cv_clasif,
	Author = {Gonz\'{a}lez-D\'{i}az, Iv\'{a}n},
	Institution = {Universidad Carlos III de Madrid},
	Howpublished = {University Lecture},
	Year = {2020},
	Title = {{Computer Vision: Image classification}}
}

@unpublished{diapos_cv_features,
	Author = {Gonz\'{a}lez-D\'{i}az, Iv\'{a}n},
	Institution = {Universidad Carlos III de Madrid},
	Howpublished = {University Lecture},
	Year = {2020},
	Title = {{Computer Vision: Local Invariant Features}}
}

@inproceedings{hog_detection,
	author={N. {Dalal} and B. {Triggs}},
	booktitle={2005 IEEE Computer Society Conference on Computer Vision and Pattern Recognition (CVPR'05)}, 
	title={Histograms of oriented gradients for human detection}, 
	year={2005},
	volume={1},
	number={},
	pages={886-893 vol. 1},
}

@article{ssd,
	title={SSD: Single Shot MultiBox Detector},
	ISBN={9783319464480},
	ISSN={1611-3349},
	url={http://dx.doi.org/10.1007/978-3-319-46448-0_2},
	DOI={10.1007/978-3-319-46448-0_2},
	journal={Lecture Notes in Computer Science},
	publisher={Springer International Publishing},
	author={Liu, Wei and Anguelov, Dragomir and Erhan, Dumitru and Szegedy, Christian and Reed, Scott and Fu, Cheng-Yang and Berg, Alexander C.},
	year={2016},
	pages={21–37}
}

@misc{rcnn,
	title={Rich feature hierarchies for accurate object detection and semantic segmentation},
	author={Ross Girshick and Jeff Donahue and Trevor Darrell and Jitendra Malik},
	year={2013},
	eprint={1311.2524},
	archivePrefix={arXiv},
	primaryClass={cs.CV}
}

@misc{mobilenet,
	title={MobileNets: Efficient Convolutional Neural Networks for Mobile Vision Applications},
	author={Andrew G. Howard and Menglong Zhu and Bo Chen and Dmitry Kalenichenko and Weijun Wang and Tobias Weyand and Marco Andreetto and Hartwig Adam},
	year={2017},
	eprint={1704.04861},
	archivePrefix={arXiv},
	primaryClass={cs.CV}
}

@misc{fastrcnn,
	title={{Fast R-CNN}},
	author={Ross Girshick},
	year={2015},
	eprint={1504.08083},
	archivePrefix={arXiv},
	primaryClass={cs.CV}
}

@article{spp,
	title={Spatial Pyramid Pooling in Deep Convolutional Networks for Visual Recognition},
	ISBN={9783319105789},
	ISSN={1611-3349},
	url={http://dx.doi.org/10.1007/978-3-319-10578-9_23},
	DOI={10.1007/978-3-319-10578-9_23},
	journal={Lecture Notes in Computer Science},
	publisher={Springer International Publishing},
	author={He, Kaiming and Zhang, Xiangyu and Ren, Shaoqing and Sun, Jian},
	year={2014},
	pages={346–361}
}

@misc{vgg16,
	title={Very Deep Convolutional Networks for Large-Scale Image Recognition},
	author={Karen Simonyan and Andrew Zisserman},
	year={2014},
	eprint={1409.1556},
	archivePrefix={arXiv},
	primaryClass={cs.CV}
}
@misc{yolov1,
	title={You Only Look Once: Unified, Real-Time Object Detection},
	author={Joseph Redmon and Santosh Divvala and Ross Girshick and Ali Farhadi},
	year={2015},
	eprint={1506.02640},
	archivePrefix={arXiv},
	primaryClass={cs.CV}
}

@misc{yolov2,
	title={YOLO9000: Better, Faster, Stronger},
	author={Joseph Redmon and Ali Farhadi},
	year={2016},
	eprint={1612.08242},
	archivePrefix={arXiv},
	primaryClass={cs.CV}
}

@misc{yolov3,
	title={{YOLOv3: An Incremental Improvement}},
	author={Joseph Redmon and Ali Farhadi},
	year={2018},
	eprint={1804.02767},
	archivePrefix={arXiv},
	primaryClass={cs.CV}
}

@misc{resnets,
	title={Deep Residual Learning for Image Recognition},
	author={Kaiming He and Xiangyu Zhang and Shaoqing Ren and Jian Sun},
	year={2015},
	eprint={1512.03385},
	archivePrefix={arXiv},
	primaryClass={cs.CV}
}

@misc{faced,
	author =       {Itzcovich, Ivan},
	title =        {{faced: CPU Real Time face detection using Deep Learning}},
	editor =       {towardsdatascience.com},
	month =        {September},
	year =         {2018},
	url = {https://towardsdatascience.com/faced-cpu-real-time-face-detection-using-deep-learning-1488681c1602},
	note =         {[Online; consulted 9-June-2020]},
}
@article{color_id,
	author = {Li, Peng and Wu, Haiyuan and Chen, Qian},
	year = {2015},
	month = {12},
	pages = {1809-1816},
	title = {Color Distinctiveness Feature for Person Identification without Face Information},
	volume = {60},
	journal = {Procedia Computer Science},
	doi = {10.1016/j.procs.2015.08.291}
}

@article{facenet,
	title={{FaceNet: A unified embedding for face recognition and clustering}},
	ISBN={9781467369640},
	url={http://dx.doi.org/10.1109/CVPR.2015.7298682},
	DOI={10.1109/cvpr.2015.7298682},
	journal={2015 IEEE Conference on Computer Vision and Pattern Recognition (CVPR)},
	publisher={IEEE},
	author={Schroff, Florian and Kalenichenko, Dmitry and Philbin, James},
	year={2015},
	month={Jun}
}

@article{dlib_review,
	author = {Johnston, Benjamin and Chazal, Philip},
	year = {2018},
	month = {09},
	pages = {86},
	title = {A review of image-based automatic facial landmark identification techniques},
	volume = {2018},
	journal = {EURASIP Journal on Image and Video Processing},
	doi = {10.1186/s13640-018-0324-4}
}

@article{face_pca,
	author = {Gottumukkal, Rajkiran and Asari, Vijayan},
	year = {2004},
	month = {03},
	pages = {429-436},
	title = {An improved face recognition technique based on modular PCA approach},
	volume = {25},
	journal = {Pattern Recognition Letters},
	doi = {10.1016/j.patrec.2003.11.005}
}

@misc{inception,
	title={Going Deeper with Convolutions},
	author={Christian Szegedy and Wei Liu and Yangqing Jia and Pierre Sermanet and Scott Reed and Dragomir Anguelov and Dumitru Erhan and Vincent Vanhoucke and Andrew Rabinovich},
	year={2014},
	eprint={1409.4842},
	archivePrefix={arXiv},
	primaryClass={cs.CV}
}



@INPROCEEDINGS{lmnn_loss,
	author = {Kilian Q. Weinberger and John Blitzer and Lawrence K. Saul},
	title = {Distance metric learning for large margin nearest neighbor classification},
	booktitle = {In NIPS},
	year = {2006},
	publisher = {MIT Press}
}

@unknown{pibot,
	author = {Vega, Julio and Cañas, José},
	year = {2018},
	month = {10},
	pages = {},
	title = {{PiBot: An Open Low-Cost Robotic Platform With Camera for STEM Education}},
	doi = {10.20944/preprints201810.0372.v1}
}


@article{rgbd_poses,
	author = {Stommel, Martin and Beetz, Michael},
	year = {2013},
	month = {01},
	pages = {},
	title = {Sampling and Clustering of the Space of Human Poses from Tracked, Skeletonised Colour+Depth Images}
}

@unpublished{diapos_cv_registration,
	Author = {Gonz\'{a}lez-D\'{i}az, Iv\'{a}n},
	Institution = {Universidad Carlos III de Madrid},
	Howpublished = {University Lecture},
	Year = {2020},
	Title = {{Computer Vision: Image registration}}
}

@manual{kobuki_manual,
	author = {Yujinn Robotics},
	title = {{Kobuki User Guide}},
	date = {2017/03/15},
	language = {English},
	version = {Version 1.1.0},
	pagetotal = {24},
	url = {https://docs.google.com/document/d/15k7UBnYY_GPmKzQCjzRGCW-4dIP7zl_R_7tWPLM0zKI/edit},
	pubstate = {consulted on 2020/06/14},
}

@manual{tx2_manual,
	author = {NVIDIA},
	title = {{NVIDIA Jetson TX2: datasheet}},
	date = {May 2020},
	language = {English},
	version = {Version 1.6},
	pagetotal = {68},
	url = {https://developer.download.nvidia.com/assets/embedded/secure/jetson/TX2/docs/Jetson_TX2_Series_Module_DataSheet_v1.6.pdf?Q_eTPkb4IeUZi3rN5gB7N0v6ZNPZJwCNZxPvj9Ct8Sc_LlQgmY12RNuTrJ-qovqrtMX6yUoYcSHbAE1mjhZ3FL59_UxlubPypJB7l7doHcbtGLBaGMzSdiT_6TyVOC2H9klPyl0KcEo48G-XtdkdSfBugtRDYMYn1ouZjffwy5NdPfEyyiSe0T5T204iiO2SUQ},
	pubstate = {consulted on 2020/06/14},
}
@unpublished{diapos_cv_motion_estimation,
	Author = {Gonz\'{a}lez-D\'{i}az, Iv\'{a}n},
	Institution = {Universidad Carlos III de Madrid},
	Howpublished = {University Lecture},
	Year = {2020},
	Title = {{Computer Vision: Dense Motion Estimation}}
}

@inproceedings{lucas_kanade,
	author = {Lucas, Bruce and Kanade, Takeo},
	year = {1981},
	month = {04},
	pages = {},
	title = {{An Iterative Image Registration Technique with an Application to Stereo Vision (IJCAI)}},
	volume = {81},
	journal = {[No source information available]}
}

@misc{lucas_kanade_tutorial,
	author =       {OpenCV},
	title =        {{OpenCV: Optical Flow}},
	url = {https://docs.opencv.org/master/db/d7f/tutorial_js_lucas_kanade.html},
	note =         {[Online; consulted 22-June-2020]},
}

@inproceedings{harris,
	title={A Combined Corner and Edge Detector},
	author={Christopher G. Harris and Mike Stephens},
	booktitle={Alvey Vision Conference},
	year={1988}
}


@INPROCEEDINGS{shi_tomasi,
	author={ {Jianbo Shi} and  {Tomasi}},
	booktitle={1994 Proceedings of IEEE Conference on Computer Vision and Pattern Recognition}, 
	title={Good features to track}, 
	year={1994},
	volume={},
	number={},
	pages={593-600},
}

@misc{nanonets_optical_flow,
	author =       {NanoNets},
	title =        {{Introduction to Motion Estimation with Optical Flow}},
	url = {https://nanonets.com/blog/optical-flow/},
	note =         {[Online; consulted 22-June-2020]},
}

@TECHREPORT{pid_controllers,
	author = {Karl Johan Åström and Richard M. Murray},
	title = {Feedback Systems: An Introduction for Scientists and Engineers},
	institution = {},
	year = {2004}
}

@article{chernobyl-robot,
	author  = {J. Potel},
	title   = {Trial by Fire: Teleoperated Robot Targets Chernobyl},
	journal = {IEEE Computer Graphics and Applications},
	year    = 1998,
	url		=	{https://www.computer.org/csdl/mags/cg/1998/04/mcg1998040010.pdf}
}

@INPROCEEDINGS{teleop-surgery, 
	author={P. Berkelman and Ji Ma}, 
	booktitle={2007 IEEE/RSJ International Conference on Intelligent Robots and Systems}, 
	title={The University of Hawaii teleoperated robotic surgery system}, 
	year={2007}, 
	volume={}, 
	number={}, 
	pages={2565-2566}, 
	keywords={haptic interfaces;medical robotics;surgery;telerobotics;University of Hawaii;haptic interface;minimally invasive surgery;teleoperated robotic surgery system;Endoscopes;Intelligent robots;Laparoscopes;Manipulators;Mechanical engineering;Minimally invasive surgery;Robotics and automation;Surgical instruments;Switches;USA Councils}, 
	doi={10.1109/IROS.2007.4399550}, 
	ISSN={2153-0858}, 
	month={Oct},}

@INPROCEEDINGS{teleop-vr, 
	author={A. Monferrer and D. Bonyuet}, 
	booktitle={Proceedings Sixth International Conference on Information Visualisation}, 
	title={Cooperative robot teleoperation through virtual reality interfaces}, 
	year={2002}, 
	volume={}, 
	number={}, 
	pages={243-248}, 
	keywords={cooperative systems;data visualisation;multi-robot systems;telerobotics;user interfaces;virtual reality;collaborative robot;communication reference;cooperative robot teleoperation;human machine interface;information management;information visualization;multiple teams;remote-controlled robots;six degrees of movement;underwater robot;unknown environments;user interface;virtual reality interfaces;Cameras;Humans;Intelligent robots;Orbital robotics;Robot sensing systems;Robot vision systems;Service robots;User interfaces;Virtual reality;Visualization}, 
	doi={10.1109/IV.2002.1028783}, 
	ISSN={1093-9547}, 
	month={},}

@Article{teleop-haptic,
	author={Okamura, A. M.},
	title={Methods for haptic feedback in teleoperated robot-assisted surgery},
	journal={Ind Rob},
	year={2004},
	month={Dec},
	volume={31},
	number={6},
	pages={499-508},
	note={16429611[pmid]},
	issn={0143-991X},
	doi={10.1108/01439910410566362},
	url={http://www.ncbi.nlm.nih.gov/pmc/articles/PMC1317565/}
}

@Inbook{ai-space,
	author="Girimonte, Daniela
	and Izzo, Dario",
	editor="Schuster, Alfons J.",
	title="Artificial Intelligence for Space Applications",
	bookTitle="Intelligent Computing Everywhere",
	year="2007",
	publisher="Springer London",
	address="London",
	pages="235--253",
	isbn="978-1-84628-943-9",
	doi="10.1007/978-1-84628-943-9_12",
	url="https://doi.org/10.1007/978-1-84628-943-9_12"
}

@misc{nms,
	title={Learning non-maximum suppression},
	author={Jan Hosang and Rodrigo Benenson and Bernt Schiele},
	year={2017},
	eprint={1705.02950},
	archivePrefix={arXiv},
	primaryClass={cs.CV}
}

@Article{bhattacharyya,
	author={Bhattacharyya, A.},
	title={On a measure of divergence between two statistical populations defined by their probability distributions},
	journal={Bull},
	year={1947},
	pages={99-109},
}

@article{personfollowing_summary,
	author = {Md Jahidul Islam and Jungseok Hong and Junaed Sattar},
	title ={Person-following by autonomous robots: A categorical overview},
	journal = {The International Journal of Robotics Research},
	volume = {38},
	number = {14},
	pages = {1581-1618},
	year = {2019},
	doi = {10.1177/0278364919881683},
	URL = { 
	https://doi.org/10.1177/0278364919881683
	},
	eprint = { 
	https://doi.org/10.1177/0278364919881683
	}
	,
}
@misc{personfollowing_reactive,
	title={Towards a Generic Diver-Following Algorithm: Balancing Robustness and Efficiency in Deep Visual Detection},
	author={Md Jahidul Islam and Michael Fulton and Junaed Sattar},
	year={2018},
	eprint={1809.06849},
	archivePrefix={arXiv},
	primaryClass={cs.RO}
}
