@inproceedings{violajones,
	author = {Viola, Paul and Jones, Michael},
	year = {2001},
	month = {02},
	pages = {I-511},
	title = {{Rapid Object Detection using a Boosted Cascade of Simple Features}},
	volume = {1},
	isbn = {0-7695-1272-0},
	journal = {IEEE Conf Comput Vis Pattern Recognit},
	doi = {10.1109/CVPR.2001.990517}
}

@inproceedings{hog_detection,
	author={N. {Dalal} and B. {Triggs}},
	booktitle={2005 IEEE Computer Society Conference on Computer Vision and Pattern Recognition (CVPR'05)}, 
	title={Histograms of oriented gradients for human detection}, 
	year={2005},
	volume={1},
	number={},
	pages={886-893 vol. 1},
}

@article{alexnet,
	author = {Krizhevsky, Alex and Sutskever, Ilya and Hinton, Geoffrey},
	year = {2012},
	month = {01},
	pages = {},
	title = {{ImageNet Classification with Deep Convolutional Neural Networks}},
	volume = {25},
	journal = {Neural Information Processing Systems},
	doi = {10.1145/3065386}
}

@article{color_id,
	author = {Li, Peng and Wu, Haiyuan and Chen, Qian},
	year = {2015},
	month = {12},
	pages = {1809-1816},
	title = {Color Distinctiveness Feature for Person Identification without Face Information},
	volume = {60},
	journal = {Procedia Computer Science},
	doi = {10.1016/j.procs.2015.08.291}
}

@article{dlib_review,
	author = {Johnston, Benjamin and Chazal, Philip},
	year = {2018},
	month = {09},
	pages = {86},
	title = {A review of image-based automatic facial landmark identification techniques},
	volume = {2018},
	journal = {EURASIP Journal on Image and Video Processing},
	doi = {10.1186/s13640-018-0324-4}
}

@article{facenet,
	title={{FaceNet: A unified embedding for face recognition and clustering}},
	ISBN={9781467369640},
	url={http://dx.doi.org/10.1109/CVPR.2015.7298682},
	DOI={10.1109/cvpr.2015.7298682},
	journal={2015 IEEE Conference on Computer Vision and Pattern Recognition (CVPR)},
	publisher={IEEE},
	author={Schroff, Florian and Kalenichenko, Dmitry and Philbin, James},
	year={2015},
	month={Jun}
}

@article{personfollowing_summary,
	author = {Md Jahidul Islam and Jungseok Hong and Junaed Sattar},
	title ={Person-following by autonomous robots: A categorical overview},
	journal = {The International Journal of Robotics Research},
	volume = {38},
	number = {14},
	pages = {1581-1618},
	year = {2019},
	doi = {10.1177/0278364919881683},
	URL = { 
	https://doi.org/10.1177/0278364919881683
	},
	eprint = { 
	https://doi.org/10.1177/0278364919881683
	}
	,
}

@misc{personfollowing_reactive,
	title={Towards a Generic Diver-Following Algorithm: Balancing Robustness and Efficiency in Deep Visual Detection},
	author={Md Jahidul Islam and Michael Fulton and Junaed Sattar},
	year={2018},
	eprint={1809.06849},
	archivePrefix={arXiv},
	primaryClass={cs.RO}
}